<?xml version="1.0" encoding="UTF-8"?>
<Document xmlns="urn:iso:std:iso:20022:tech:xsd:pacs.008.001.01">
    <pacs.008.001.01>
        <GrpHdr>
            <MsgId>BMJSSHAP97101115012.CT</MsgId>
            <CreDtTm>1397-10-11T14:46:13</CreDtTm>
            <NbOfTxs>7</NbOfTxs>
            <TtlIntrBkSttlmAmt Ccy="IRR">46169139</TtlIntrBkSttlmAmt>
            <IntrBkSttlmDt>1397-10-11</IntrBkSttlmDt>
            <SttlmInf>
                <SttlmMtd>CLRG</SttlmMtd>
            </SttlmInf>
            <PmtTpInf>
                <SvcLvl>
                    <Cd>SEPA</Cd>
                </SvcLvl>
            </PmtTpInf>
        </GrpHdr>
        <CdtTrfTxInf>
            <PmtId>
                <InstrId>1397,10,10N1061111111111111116</InstrId>
                <EndToEndId>97101193300000001</EndToEndId>
                <TxId>BMJSSHAP97101111012.CT00001</TxId>
            </PmtId>
            <IntrBkSttlmAmt Ccy="IRR">9043858</IntrBkSttlmAmt>
            <ChrgBr>SLEV</ChrgBr>
            <Dbtr>
                <Nm>مرکزشاپرک</Nm>
                <Id>
                    <PrvtId>
                        <OthrId>
                            <Id>EMPTY</Id>
                            <IdTp>EMPTY</IdTp>
                        </OthrId>
                    </PrvtId>
                </Id>
            </Dbtr>
            <DbtrAcct>
                <Id>
                    <IBAN>IR150930000000000001006182</IBAN>
                </Id>
            </DbtrAcct>
            <DbtrAgt>
                <FinInstnId>
                    <BIC>BMJSIRTHXXX</BIC>
                </FinInstnId>
            </DbtrAgt>
            <CdtrAgt>
                <FinInstnId>
                    <BIC>MELIIRTHXXX</BIC>
                </FinInstnId>
            </CdtrAgt>
            <Cdtr>
                <Nm>صفر و وب</Nm>
            </Cdtr>
            <CdtrAcct>
                <Id>
                    <IBAN>IR110170000000354853102001</IBAN>
                </Id>
            </CdtrAcct>
            <RmtInf>
                <Ustrd>1397,10,10N1061111111111111116</Ustrd>
            </RmtInf>
        </CdtTrfTxInf>
        <CdtTrfTxInf>
            <PmtId>
                <InstrId>1397,10,10N1061111111111111121</InstrId>
                <EndToEndId>97101193300000002</EndToEndId>
                <TxId>BMJSSHAP97101111012.CT00002</TxId>
            </PmtId>
            <IntrBkSttlmAmt Ccy="IRR">8598721</IntrBkSttlmAmt>
            <ChrgBr>SLEV</ChrgBr>
            <Dbtr>
                <Nm>مرکزشاپرک</Nm>
                <Id>
                    <PrvtId>
                        <OthrId>
                            <Id>EMPTY</Id>
                            <IdTp>EMPTY</IdTp>
                        </OthrId>
                    </PrvtId>
                </Id>
            </Dbtr>
            <DbtrAcct>
                <Id>
                    <IBAN>IR150930000000000001006182</IBAN>
                </Id>
            </DbtrAcct>
            <DbtrAgt>
                <FinInstnId>
                    <BIC>BMJSIRTHXXX</BIC>
                </FinInstnId>
            </DbtrAgt>
            <CdtrAgt>
                <FinInstnId>
                    <BIC>MELIIRTHXXX</BIC>
                </FinInstnId>
            </CdtrAgt>
            <Cdtr>
                <Nm>صفر و وب</Nm>
            </Cdtr>
            <CdtrAcct>
                <Id>
                    <IBAN>IR110170000000354853102001</IBAN>
                </Id>
            </CdtrAcct>
            <RmtInf>
                <Ustrd>1397,10,10N1061111111111111121</Ustrd>
            </RmtInf>
        </CdtTrfTxInf>
        <CdtTrfTxInf>
            <PmtId>
                <InstrId>1397,10,10N1061111111111111114</InstrId>
                <EndToEndId>97101193300000003</EndToEndId>
                <TxId>BMJSSHAP97101111012.CT00003</TxId>
            </PmtId>
            <IntrBkSttlmAmt Ccy="IRR">22251</IntrBkSttlmAmt>
            <ChrgBr>SLEV</ChrgBr>
            <Dbtr>
                <Nm>مرکزشاپرک</Nm>
                <Id>
                    <PrvtId>
                        <OthrId>
                            <Id>EMPTY</Id>
                            <IdTp>EMPTY</IdTp>
                        </OthrId>
                    </PrvtId>
                </Id>
            </Dbtr>
            <DbtrAcct>
                <Id>
                    <IBAN>IR150930000000000001006182</IBAN>
                </Id>
            </DbtrAcct>
            <DbtrAgt>
                <FinInstnId>
                    <BIC>BMJSIRTHXXX</BIC>
                </FinInstnId>
            </DbtrAgt>
            <CdtrAgt>
                <FinInstnId>
                    <BIC>MELIIRTHXXX</BIC>
                </FinInstnId>
            </CdtrAgt>
            <Cdtr>
                <Nm>صفر و وب</Nm>
            </Cdtr>
            <CdtrAcct>
                <Id>
                    <IBAN>IR110170000000354853102001</IBAN>
                </Id>
            </CdtrAcct>
            <RmtInf>
                <Ustrd>1397,10,10N1061111111111111114</Ustrd>
            </RmtInf>
        </CdtTrfTxInf>
        <CdtTrfTxInf>
            <PmtId>
                <InstrId>1397,10,10N1061111111111111115</InstrId>
                <EndToEndId>97101193300000004</EndToEndId>
                <TxId>BMJSSHAP97101111012.CT00004</TxId>
            </PmtId>
            <IntrBkSttlmAmt Ccy="IRR">8561747</IntrBkSttlmAmt>
            <ChrgBr>SLEV</ChrgBr>
            <Dbtr>
                <Nm>مرکزشاپرک</Nm>
                <Id>
                    <PrvtId>
                        <OthrId>
                            <Id>EMPTY</Id>
                            <IdTp>EMPTY</IdTp>
                        </OthrId>
                    </PrvtId>
                </Id>
            </Dbtr>
            <DbtrAcct>
                <Id>
                    <IBAN>IR150930000000000001006182</IBAN>
                </Id>
            </DbtrAcct>
            <DbtrAgt>
                <FinInstnId>
                    <BIC>BMJSIRTHXXX</BIC>
                </FinInstnId>
            </DbtrAgt>
            <CdtrAgt>
                <FinInstnId>
                    <BIC>MELIIRTHXXX</BIC>
                </FinInstnId>
            </CdtrAgt>
            <Cdtr>
                <Nm>صفر و وب</Nm>
            </Cdtr>
            <CdtrAcct>
                <Id>
                    <IBAN>IR110170000000354853102001</IBAN>
                </Id>
            </CdtrAcct>
            <RmtInf>
                <Ustrd>1397,10,10N1061111111111111115</Ustrd>
            </RmtInf>
        </CdtTrfTxInf>
        <CdtTrfTxInf>
            <PmtId>
                <InstrId>1397,10,10N1061111111111111119</InstrId>
                <EndToEndId>97101193300000005</EndToEndId>
                <TxId>BMJSSHAP97101111012.CT00005</TxId>
            </PmtId>
            <IntrBkSttlmAmt Ccy="IRR">9426623</IntrBkSttlmAmt>
            <ChrgBr>SLEV</ChrgBr>
            <Dbtr>
                <Nm>مرکزشاپرک</Nm>
                <Id>
                    <PrvtId>
                        <OthrId>
                            <Id>EMPTY</Id>
                            <IdTp>EMPTY</IdTp>
                        </OthrId>
                    </PrvtId>
                </Id>
            </Dbtr>
            <DbtrAcct>
                <Id>
                    <IBAN>IR150930000000000001006182</IBAN>
                </Id>
            </DbtrAcct>
            <DbtrAgt>
                <FinInstnId>
                    <BIC>BMJSIRTHXXX</BIC>
                </FinInstnId>
            </DbtrAgt>
            <CdtrAgt>
                <FinInstnId>
                    <BIC>MELIIRTHXXX</BIC>
                </FinInstnId>
            </CdtrAgt>
            <Cdtr>
                <Nm>صفر و وب</Nm>
            </Cdtr>
            <CdtrAcct>
                <Id>
                    <IBAN>IR110170000000354853102001</IBAN>
                </Id>
            </CdtrAcct>
            <RmtInf>
                <Ustrd>1397,10,10N1061111111111111119</Ustrd>
            </RmtInf>
        </CdtTrfTxInf>
        <CdtTrfTxInf>
            <PmtId>
                <InstrId>1397,10,10N1061111111111111113</InstrId>
                <EndToEndId>97101193300000006</EndToEndId>
                <TxId>BMJSSHAP97101111012.CT00006</TxId>
            </PmtId>
            <IntrBkSttlmAmt Ccy="IRR">9639337</IntrBkSttlmAmt>
            <ChrgBr>SLEV</ChrgBr>
            <Dbtr>
                <Nm>مرکزشاپرک</Nm>
                <Id>
                    <PrvtId>
                        <OthrId>
                            <Id>EMPTY</Id>
                            <IdTp>EMPTY</IdTp>
                        </OthrId>
                    </PrvtId>
                </Id>
            </Dbtr>
            <DbtrAcct>
                <Id>
                    <IBAN>IR150930000000000001006182</IBAN>
                </Id>
            </DbtrAcct>
            <DbtrAgt>
                <FinInstnId>
                    <BIC>BMJSIRTHXXX</BIC>
                </FinInstnId>
            </DbtrAgt>
            <CdtrAgt>
                <FinInstnId>
                    <BIC>MELIIRTHXXX</BIC>
                </FinInstnId>
            </CdtrAgt>
            <Cdtr>
                <Nm>صفر و وب</Nm>
            </Cdtr>
            <CdtrAcct>
                <Id>
                    <IBAN>IR110170000000354853102001</IBAN>
                </Id>
            </CdtrAcct>
            <RmtInf>
                <Ustrd>1397,10,10N1061111111111111113</Ustrd>
            </RmtInf>
        </CdtTrfTxInf>
        <CdtTrfTxInf>
            <PmtId>
                <InstrId>1397,10,10N1061111111111111112</InstrId>
                <EndToEndId>97101193300000007</EndToEndId>
                <TxId>BMJSSHAP97101111012.CT00007</TxId>
            </PmtId>
            <IntrBkSttlmAmt Ccy="IRR">876602</IntrBkSttlmAmt>
            <ChrgBr>SLEV</ChrgBr>
            <Dbtr>
                <Nm>مرکزشاپرک</Nm>
                <Id>
                    <PrvtId>
                        <OthrId>
                            <Id>EMPTY</Id>
                            <IdTp>EMPTY</IdTp>
                        </OthrId>
                    </PrvtId>
                </Id>
            </Dbtr>
            <DbtrAcct>
                <Id>
                    <IBAN>IR150930000000000001006182</IBAN>
                </Id>
            </DbtrAcct>
            <DbtrAgt>
                <FinInstnId>
                    <BIC>BMJSIRTHXXX</BIC>
                </FinInstnId>
            </DbtrAgt>
            <CdtrAgt>
                <FinInstnId>
                    <BIC>MELIIRTHXXX</BIC>
                </FinInstnId>
            </CdtrAgt>
            <Cdtr>
                <Nm>صفر و وب</Nm>
            </Cdtr>
            <CdtrAcct>
                <Id>
                    <IBAN>IR110170000000354853102001</IBAN>
                </Id>
            </CdtrAcct>
            <RmtInf>
                <Ustrd>1397,10,10N1061111111111111112</Ustrd>
            </RmtInf>
        </CdtTrfTxInf>
    </pacs.008.001.01>
</Document>